<record><leader>00000cas a22000007a 4500</leader><controlfield tag="001">33928269</controlfield><controlfield tag="008">951215d19151917vaudr ne      0    0eng d</controlfield><datafield ind1=" " ind2=" " tag="010"><subfield code="a">sn 95079326 </subfield></datafield><datafield ind1=" " ind2=" " tag="040"><subfield code="a">NVK</subfield><subfield code="b">eng</subfield><subfield code="c">NVK</subfield><subfield code="d">OCLCQ</subfield><subfield code="d">OCLCF</subfield><subfield code="d">OCLCO</subfield></datafield><datafield ind1="1" ind2=" " tag="029"><subfield code="a">AU@</subfield><subfield code="b">000012176663</subfield></datafield><datafield ind1=" " ind2=" " tag="042"><subfield code="a">msc</subfield></datafield><datafield ind1=" " ind2=" " tag="043"><subfield code="a">n-us-va</subfield></datafield><datafield ind1="0" ind2="4" tag="245"><subfield code="a">The Hopewell daily press.</subfield></datafield><datafield ind1="3" ind2="0" tag="246"><subfield code="a">Daily press</subfield></datafield><datafield ind1="1" ind2=" " tag="246"><subfield code="i">Issues for &lt;May 1&gt;-13, 1916 have title:</subfield><subfield code="a">Hopewell news and press</subfield></datafield><datafield ind1=" " ind2=" " tag="260"><subfield code="a">Hopewell, Va. :</subfield><subfield code="b">[s.n.],</subfield><subfield code="c">-1917.</subfield></datafield><datafield ind1=" " ind2=" " tag="300"><subfield code="a">v.</subfield></datafield><datafield ind1=" " ind2=" " tag="310"><subfield code="a">Daily</subfield></datafield><datafield ind1="1" ind2=" " tag="362"><subfield code="a">Began in 1915.</subfield></datafield><datafield ind1="0" ind2=" " tag="362"><subfield code="a">-v.1, no. 300 (Feb. 3, 1917).</subfield></datafield><datafield ind1=" " ind2=" " tag="588"><subfield code="a">Description based on: Vol. 1, no. 19 (Dec. 14, 1915).</subfield></datafield><datafield ind1=" " ind2="0" tag="651"><subfield code="a">Hopewell (Va.)</subfield><subfield code="v">Newspapers.</subfield></datafield><datafield ind1=" " ind2="7" tag="655"><subfield code="a">Newspapers.</subfield><subfield code="2">fast</subfield><subfield code="0">(OCoLC)fst01423814</subfield></datafield><datafield ind1=" " ind2="7" tag="651"><subfield code="a">Virginia</subfield><subfield code="z">Hopewell.</subfield><subfield code="2">fast</subfield><subfield code="0">(OCoLC)fst01222127</subfield></datafield><datafield ind1=" " ind2=" " tag="752"><subfield code="a">United States</subfield><subfield code="b">Virginia</subfield><subfield code="d">Hopewell.</subfield></datafield><datafield ind1="0" ind2="5" tag="780"><subfield code="t">Hopewell daily news</subfield><subfield code="w">(DLC)sn 95079321</subfield></datafield><datafield ind1="0" ind2="0" tag="785"><subfield code="t">Daily press (Hopewell, Va.)</subfield><subfield code="w">(DLC)sn 95079322</subfield></datafield></record>